% https://dl.acm.org/citation.cfm?id=3132757
@inproceedings{Gilad:2017:ASB:3132747.3132757,
 author = {Gilad, Yossi and Hemo, Rotem and Micali, Silvio and Vlachos, Georgios and Zeldovich, Nickolai},
 title = {{A}lgorand: {S}caling {B}yzantine {A}greements for {C}ryptocurrencies},
 booktitle = {Proceedings of the 26th Symposium on Operating Systems Principles},
 series = {SOSP '17},
 year = {2017},
 isbn = {978-1-4503-5085-3},
 location = {Shanghai, China},
 pages = {51--68},
 numpages = {18},
 url = {http://doi.acm.org/10.1145/3132747.3132757},
 doi = {10.1145/3132747.3132757},
 acmid = {3132757},
 publisher = {ACM},
 address = {New York, NY, USA},
}

% https://arxiv.org/abs/1607.01341
@inproceedings{Chen:2017,
 author = {Chen, Jing and Micali, Silvio},
 title = {{A}lgorand},
 year = {2017},
 url = {https://arxiv.org/abs/1607.01341},
}

% https://www.coindesk.com/scalable-blockchain-consensus-turing-award-winner-thinks-hes-got-solution/
% Scaling Consensus? This Turing Winner Thinks He's Found a Way
@online{ScalingConsensus,
  author = {Castor, Amy},
  title = {{S}caling {C}onsensus? {T}his {T}uring {W}inner {T}hinks {H}e's {F}ound a {W}ay},
  year = 2017,
  url = {https://www.coindesk.com/scalable-blockchain-consensus-turing-award-winner-thinks-hes-got-solution/},
  urldate = {2017-03-19}
}

% Gossip
% https://en.wikipedia.org/wiki/Gossip_protocol

% TODO might add the YouTube Video:
% https://www.youtube.com/watch?v=NbnZi9SImYY



@misc{WinNT,
  title = {{MS Windows NT} Kernel Description},
  note = {Accessed: 2010-09-30}
}

@online{WinNT,
  author = {MultiMedia LLC},
  title = {{MS Windows NT} Kernel Description},
  year = 1999,
  url = {http://web.archive.org/web/20080207010024/http://www.808multimedia.com/winnt/kernel.htm},
  urldate = {2010-09-30}
}

@electronic{Rub1,
 author = {Rubino, Daniel},
 editor = {{Windows Phone Central}},
 title = {IE9 for Windows Phone 7: Adobe Flash, demos and development},
 url = {http://www.wpcentral.com/ie9-windows-phone-7-adobe-flash-demos-and-development-videos},
 urldate = {14.01.2013},
 originalyear = {18.02.2011}
}

@misc{Rub1,
 author = {Rubino, Daniel},
 editor = {{Windows Phone Central}},
 title = {IE9 for Windows Phone 7: Adobe Flash, demos and development},
 url = {http://www.wpcentral.com/ie9-windows-phone-7-adobe-flash-demos-and-development-videos},
 howpublished = {\url{https://www.coindesk.com/scalable-blockchain-consensus-turing-award-winner-thinks-hes-got-solution/}},
 lastchecked = {14.01.2013},
 originalyear = {18.02.2011}
}
